@InProceedings{smtlib2:10,
  author =	 {Clark Barrett and Aaron Stump and Cesare Tinelli},
  title =	 {{The SMT-LIB Standard: Version 2.0}},
  year =	 2010,
  booktitle =	 {Proceedings of the 8th International Workshop on
                  Satisfiability Modulo Theories (Edinburgh, England)},
  editor =	 {A.~Gupta and D.~Kroening},
}

@misc{racket/foreign,
  author = {Eli Barzilay},
  title = {The Racket Foreign Interface},
  howpublished = {\url{http://docs.racket-lang.org/foreign/}},
  year = {March 2012 (last accessed)}
}

@techreport{racket,
  title       = {Reference: Racket},
  author      = {Matthew Flatt and PLT},
  number      = {PLT-TR-2010-1},
  institution = {PLT Inc.},
  year        = {2010},
  note        = {\url{http://racket-lang.org/tr1/}}
}

@incollection {z3,
   author = {de Moura, Leonardo and Bj$\phi$rner, Nikolaj},
   affiliation = {Microsoft Research, One Microsoft Way Redmond WA 98074 USA},
   title = {{Z3: An Efficient SMT Solver}},
   booktitle = {Tools and Algorithms for the Construction and Analysis of Systems}, 
   series = {Lecture Notes in Computer Science},
   editor = {Ramakrishnan, C. and Rehof, Jakob},
   OPTpublisher = {Springer Berlin / Heidelberg},
   isbn = {978-3-540-78799-0},
   keyword = {Computer Science},
   pages = {337-340},
   volume = {4963},
   OPTurl = {\url{http://dx.doi.org/10.1007/978-3-540-78800-3\_24}},
   OPTnote = {\url{10.1007/978-3-540-78800-3\_24}},
   year = {2008}
}

@TECHREPORT{yices,
    author = {Bruno Dutertre and Leonardo de Moura},
    title = {The yices smt solver},
    institution = {},
    year = {2006}
}

@inproceedings{cvc3,
  author    = "Clark Barrett and Cesare Tinelli",
  title     = "{CVC3}",
  booktitle = "Proceedings of the $19^{th}$ International Conference on Computer Aided Verification (CAV '07)",
  series    = "Lecture Notes in Computer Science",
  volume    = 4590,
  publisher = "Springer-Verlag",
  editor    = "Werner Damm and Holger Hermanns",
  pages     = "298--302",
  month     = jul,
  year      = 2007,
  note      = "Berlin, Germany"
}
